@article{Abad:2012qu,
      author         = "Abad, Luisberis Velazquez",
      title          = "{Principles of classical statistical mechanics: A
                        perspective from the notion of complementarity}",
      journal        = "Annals Phys.",
      volume         = "327",
      pages          = "1682",
      doi            = "10.1016/j.aop.2012.03.002",
      year           = "2012",
      eprint         = "1203.1479",
      archivePrefix  = "arXiv",
      primaryClass   = "cond-mat.stat-mech",
      SLACcitation   = "%%CITATION = ARXIV:1203.1479;%%",
}
@article{Becattini:2012tc,
      author         = "Becattini, F.",
      title          = "{Covariant statistical mechanics and the stress-energy
                        tensor}",
      journal        = "Phys.Rev.Lett.",
      volume         = "108",
      pages          = "244502",
      doi            = "10.1103/PhysRevLett.108.244502",
      year           = "2012",
      eprint         = "1201.5278",
      archivePrefix  = "arXiv",
      primaryClass   = "gr-qc",
      SLACcitation   = "%%CITATION = ARXIV:1201.5278;%%",
}
@article{Brody:1997sa,
      author         = "Brody, Dorje C. and Hughston, Lane P.",
      title          = "{Geometrization of statistical mechanics}",
      year           = "1997",
      eprint         = "gr-qc/9708032",
      archivePrefix  = "arXiv",
      primaryClass   = "gr-qc",
      SLACcitation   = "%%CITATION = GR-QC/9708032;%%",
}
@proceedings{Falomir:1998si,
      author         = "Falomir, H. and Gamboa Saravi, R.E. and Schaposnik, F.A.",
      editor         = "Falomir, H. and Gamboa Saravi, R.E. and Schaposnik, F.A.",
      title          = "{Trends in theoretical physics. Proceedings,
                        CERN-Santiago de Compostela-La Plata Meeting, La Plata,
                        Argentina, April 28-May 6, 1997}",
      venue          = "{La Plata, Argentina}",
      year           = "1998",
      SLACcitation   = "%%CITATION = INSPIRE-480174;%%",
}
@inproceedings{deCarvalho:1998fg,
      crossref       = "Falomir:1998si",
      author         = "de Carvalho, C.A.A. and Cavalcanti, R.M.",
      title          = "{Semiclassical statistical mechanics}",
      journal        = "AIP Conf.Proc.",
      volume         = "419",
      pages          = "94",
      doi            = "10.1063/1.54706",
      year           = "1998",
      eprint         = "quant-ph/9803050",
      archivePrefix  = "arXiv",
      primaryClass   = "quant-ph",
      SLACcitation   = "%%CITATION = QUANT-PH/9803050;%%",
}
@article{burko2003,
  author={Burko, Lior M. and Price, Richard H.},
  title={Ballistic trajectory: parabola, ellipse, or what?},
  journal={American Journal of Physics},
  volume={73},
  year={2005},
  pages={516--520},
  eprint={physics/0310049},
  archivePrefix={arXiv}
}
@article{drivotin,
  author={Oleg Igorevich Drivotin},
  title={Reference frames in classical and relativistic physics},
  pages={17},
  year={2014},
  eprint={1403.1787},
  archivePrefix={arXiv},
  primaryClass={physics}
}
@book{euler1736,
  author={Leonhard Euler},
  title={Mechanica, sive motus scientia analytice; expasita},
  translator={Ian Bruce},
  city={St Petersburg},
  year={1736},
  annotation={E15--16. 2 vols.}
}
@book{e77,
  author={Leonhard Euler},
  title={{Neue Grunds\"atze der Artillerie} (``New Principles of Gunnery'')},
  translator={Ian Bruce},
  city={Berlin},
  year={1745},
  url={http://www.17centurymaths.com/contents/eulerartillery.htm},
  annotation={E77.},
  pages={409}
}
@article{e217,
  author={Leonhard Euler},
  title={Research on the true curve that is describe by bodies shot through the air or in any other fluid},
  annotation={E217},
  journal={M\'emoires de l'acad\'emi des sciences de Berlin},
  volume={9},
  year={1755},
  pages={321--352}
}
@article{e226,
  author={Leonhard Euler},
  title={General Principles of the Motion of Fluids},
  annotation={E226},
  journal={M\'emoires de l'acad\'emi des sciences de Berlin},
  volume={11},
  year={1757},
  pages={274--315},
  translator={Uriel Frisch},
  archivePrefix={arXiv},
  eprint={0802.2383},
  primaryClass={nlin.CD}
}
@book{e853,
  author={Leonhard Euler},
  title={A Consideration of the Experiments Recently Conducted into the Firing of Cannons},
  annotation={E853},
  year={1728},
  translator={Ian Bruce}
}
@article{fernandez-chapou2004,
  author={J.L. Fern\'andez-Chapou and A.L. Salas-Brito and C.A. Vargas},
  title={An elliptic property of parabolic trajectories},
  journal={American Journal of Physics},
  volume={72},
  year={2004},
  pages={1109},
  doi={10.1119/1.1688786},
  archivePrefix={arXiv},
  eprint={physics/0402020},
}
@book{goldreich,
  author={Goldreich, Peter and Mahajan, Sanjoy and Phinney, Sterl},
  title={Order-of-Magnitude Physics: Understanding the World with Dimensional Analysis, Educated Guesswork, and White Lies},
  year={1999},
  url={http://www.inference.phy.cam.ac.uk/sanjoy/oom/}
}
@article{grimberg2008,
  author={Gerard Grimberg and Walter Pauls and Uriel Frisch},
  title={Genesis of d'Alembert's paradox and analytical elaboration of the drag problem},
  journal={Physica D},
  volume={237},
  number={14--17},
  year={2008},
  pages={1878--1886},
  doi={10.1016/j.physd.2008.01.015},
  archivePrefix={arXiv},
  primaryClass={nlin.CD},
  eprint={0801.3014}
}
@article{guemez2013,
  author={Julio G\"u\'emez and Manuel Fiolhais},
  title={From mechanics to thermodynamics -- analysis of selected examples},
  journal={European Journal of Physics},
  volume={34},
  year={2013},
  pages={345--357},
  archivePrefix={arXiv},
  primaryClass={physics},
  eprint={1402.2861}
}
@article{guemez2014,
  author={Julio G\"u\'emez and Manuel Fiolhais},
  title={A 4-vector formalism for classical mechanics},
  journal={Revista Brasileira de Ensino da F\'isica},
  volume={35},
  year={2013},
  pages={4310 (13pp)},
  archivePrefix={arXiv},
  primaryClass={physics.class-ph},
  eprint={1402.1857}
}
@article{hogg2007,
  author={Hogg, David W.},
  title={Real-World Ballistics: A dropped bucket},
  eprint={0709.0107},
  primaryClass={physics.ed-ph},
  archivePrefix={arXiv},
  month={September},
  year={2007},
  pages={16}
}
@article{horvathy2014,
  author={P.A. Horvathy},
  title={The laws of planetary motion, derived from those of a harmonic oscillator (following Arnold)},
  journal={Fizikai Szemle},
  volume={54},
  number={6},
  month={June},
  year={2004},
  pages={180--184},
  archivePrefix={arXiv},
  primaryClass={physics.class-ph},
  eprint={1404.2265}
}
@article{Kuzemsky:2014jna,
      author         = "Kuzemsky, A.L.",
      title          = "{Thermodynamic Limit in Statistical Physics}",
      journal        = "Int.J.Mod.Phys.",
      number         = "9",
      volume         = "B28",
      pages          = "1430004",
      doi            = "10.1142/S0217979214300047",
      year           = "2014",
      eprint         = "1402.7172",
      archivePrefix  = "arXiv",
      primaryClass   = "cond-mat.stat-mech",
      SLACcitation   = "%%CITATION = ARXIV:1402.7172;%%",
}
@article{lucas2014,
  author={Andrew Lucas},
  title={Connecting microscopic physics with the macroscopic properties of materials in introductory physics courses},
  year={2014},
  archivePrefix={arXiv},
  primaryClass={physics.ed-ph},
  eprint={1402.2593},
  pages={13}
}
@article{Major:2001ka,
      author         = "Major, Seth A. and Setter, Kevin L.",
      title          = "{Gravitational statistical mechanics: A Model}",
      journal        = "Class.Quant.Grav.",
      volume         = "18",
      pages          = "5125-5142",
      doi            = "10.1088/0264-9381/18/23/309",
      year           = "2001",
      eprint         = "gr-qc/0101031",
      archivePrefix  = "arXiv",
      primaryClass   = "gr-qc",
      SLACcitation   = "%%CITATION = GR-QC/0101031;%%",
}
@article{DBLP:journals/corr/abs-0704-2857,
  author    = {Andrea Montanari and
               R{\"{u}}diger L. Urbanke},
  title     = {Modern Coding Theory: The Statistical Mechanics and Computer Science
               Point of View},
  year      = {2007},
  eprint = {0704.2857},
  archivePrefix = {arXiv},
  primaryClass = {cs.IT},
  note={Lectures at Les Houches Summer School on `Complex Systems', July 2006},
  timestamp = {Mon, 05 Dec 2011 18:05:26 +0100},
  biburl    = {http://dblp.uni-trier.de/rec/bib/journals/corr/abs-0704-2857},
  bibsource = {dblp computer science bibliography, http://dblp.org}
}
@article{Montesinos:2000zi,
      author         = "Montesinos, Merced and Rovelli, Carlo",
      title          = "{Statistical mechanics of generally covariant quantum
                        theories: A Boltzmann-like approach}",
      journal        = "Class.Quant.Grav.",
      volume         = "18",
      pages          = "555-569",
      doi            = "10.1088/0264-9381/18/3/314",
      year           = "2001",
      eprint         = "gr-qc/0002024",
      archivePrefix  = "arXiv",
      primaryClass   = "gr-qc",
      SLACcitation   = "%%CITATION = GR-QC/0002024;%%",
}
@article{neher,
  author={Neher, H.V. and Leighton, R.B.},
  title={Linear Air Trough},
  journal={American Journal of Physics},
  volume={31},
  number={4},
  year={1963},
  pages={255--262},
  doi={10.1119/1.1969427}
}
@article{Parisi:2001tz,
      author         = "Parisi, Giorgio",
      title          = "{Planck's legacy to statistical mechanics}",
      year           = "2001",
      eprint         = "cond-mat/0101293",
      archivePrefix  = "arXiv",
      primaryClass   = "cond-mat",
      SLACcitation   = "%%CITATION = COND-MAT/0101293;%%",
}
@book{pask,
  author={Colin Pask},
  title={Magnificent Principia: Exploring Isaac Newton's Masterpiece},
  publisher={Prometheus Books},
  year={2013}
}
@article{Silagadze:2007eb,
      author         = "Silagadze, Z.K.",
      title          = "{Relativity without tears}",
      journal        = "Acta Phys.Polon.",
      volume         = "B39",
      pages          = "811-885",
      year           = "2008",
      eprint         = "0708.0929",
      archivePrefix  = "arXiv",
      primaryClass   = "physics.ed-ph",
      SLACcitation   = "%%CITATION = ARXIV:0708.0929;%%",
}
@book{sommerfeld1964a,
  author={Arnold Sommerfeld},
  title={Mechanics --- Lectures on Theoretical Physics, Volume 1},
  publisher={Academic Press},
  year={1964}
}
@article{Spiridonov:2010em,
      author         = "Spiridonov, V.P.",
      title          = "{Elliptic beta integrals and solvable models of
                        statistical mechanics}",
      journal        = "Contemp.Math.",
      volume         = "563",
      pages          = "181-211",
      year           = "2012",
      eprint         = "1011.3798",
      archivePrefix  = "arXiv",
      primaryClass   = "hep-th",
      SLACcitation   = "%%CITATION = ARXIV:1011.3798;%%",
}
@book{spivak,
  author={Michael Spivak},
  title={Physics for Mathematicians, Mechanics I},
  publisher={Publish or Perish},
  year={2010}
}
@book{sp330,
  author={Taylor, Barry N. and Thompson, Ambler},
  title={The International System of Units (SI)},
  edition={Ninth Special Publication, 2008 ed.},
  url={http://physics.nist.gov/Pubs/SP330/sp330.pdf}
}
@book{taylor,
  author={Taylor, John R.},
  title={Classical Mechanics},
  publisher={University Science Books},
  year={2005}
}
@book{young,
  author={Young, Hugh D. and Freedman, Roger A.},
  title={University Physics with Modern Physics},
  edition={11th},
  publisher={Pearson publishers},
  year={2004}
}

