@article{ArmandUgon:1993ug,
      author         = "Armand Ugon, D. and Gambini, R. and Griego, J. and
                        Setaro, L.",
      title          = "{Classical loop actions of gauge theories}",
      journal        = "Phys.Rev.",
      volume         = "D50",
      pages          = "5352--5357",
      doi            = "10.1103/PhysRevD.50.5352",
      year           = "1994",
      eprint         = "hep-th/9307179",
      archivePrefix  = "arXiv",
      primaryClass   = "hep-th",
      reportNumber   = "PRINT-93-0586 (MONTEVIDEO), IFFC-93-05",
      SLACcitation   = "%%CITATION = HEP-TH/9307179;%%",
}
@article{Aroca:1997hd,
      author         = "Aroca, J.M. and Fort, Hugo and Gambini, Rodolfo",
      title          = "{On the path integral loop representation of (2+1)
                        lattice nonAbelian gauge theories}",
      journal        = "Phys.Rev.",
      volume         = "D58",
      pages          = "045007",
      doi            = "10.1103/PhysRevD.58.045007",
      year           = "1998",
      eprint         = "hep-lat/9703007",
      archivePrefix  = "arXiv",
      primaryClass   = "hep-lat",
      SLACcitation   = "%%CITATION = HEP-LAT/9703007;%%",
}
@article{Ashtekar:1994mh,
      author         = "Ashtekar, Abhay and Lewandowski, Jerzy",
      title          = "{Projective techniques and functional integration for
                        gauge theories}",
      journal        = "J.Math.Phys.",
      volume         = "36",
      pages          = "2170--2191",
      doi            = "10.1063/1.531037",
      year           = "1995",
      eprint         = "gr-qc/9411046",
      archivePrefix  = "arXiv",
      primaryClass   = "gr-qc",
      reportNumber   = "CGPG-94-10-6",
      SLACcitation   = "%%CITATION = GR-QC/9411046;%%",
}
@article{Ashtekar:2001xp,
      author         = "Ashtekar, Abhay and Lewandowski, Jerzy",
      title          = "{Relation between polymer and Fock excitations}",
      journal        = "Class.Quant.Grav.",
      volume         = "18",
      pages          = "L117--L128",
      doi            = "10.1088/0264-9381/18/18/102",
      year           = "2001",
      eprint         = "gr-qc/0107043",
      archivePrefix  = "arXiv",
      primaryClass   = "gr-qc",
      SLACcitation   = "%%CITATION = GR-QC/0107043;%%",
}
@article{Ashtekar:2002vh,
      author         = "Ashtekar, Abhay and Lewandowski, Jerzy and Sahlmann,
                        Hanno",
      title          = "{Polymer and Fock representations for a scalar field}",
      journal        = "Class.Quant.Grav.",
      volume         = "20",
      pages          = "L11-1",
      doi            = "10.1088/0264-9381/20/1/103",
      year           = "2003",
      eprint         = "gr-qc/0211012",
      archivePrefix  = "arXiv",
      primaryClass   = "gr-qc",
      reportNumber   = "ESI-1233, CGPG-02-11-1",
      SLACcitation   = "%%CITATION = GR-QC/0211012;%%",
}
@article{Ashtekar:2005dm,
      author         = "Ashtekar, Abhay and Bombelli, Luca and Corichi,
                        Alejandro",
      title          = "{Semiclassical states for constrained systems}",
      journal        = "Phys.Rev.",
      volume         = "D72",
      pages          = "025008",
      doi            = "10.1103/PhysRevD.72.025008",
      year           = "2005",
      eprint         = "gr-qc/0504052",
      archivePrefix  = "arXiv",
      primaryClass   = "gr-qc",
      reportNumber   = "IGPG-05-04-03, ICN-UNAM-05-02",
      SLACcitation   = "%%CITATION = GR-QC/0504052;%%",
}
@article{Ashtekar:2013gqa,
      author         = "Ashtekar, Abhay",
      title          = "{A new perspective on CP and T violation}",
      year           = "2013",
      eprint         = "1307.1331",
      archivePrefix  = "arXiv",
      reportNumber   = "IGC-13-06-5",
      SLACcitation   = "%%CITATION = ARXIV:1307.1331;%%",
}
@article{Barbour:2008bw,
      author         = "Barbour, Julian and Foster, Brendan Z.",
      title          = "{Constraints and gauge transformations: Dirac's theorem
                        is not always valid}",
      year           = "2008",
      eprint         = "0808.1223",
      archivePrefix  = "arXiv",
      primaryClass   = "gr-qc",
      reportNumber   = "ITP-UU-08-46, SPIN-08-36",
      SLACcitation   = "%%CITATION = ARXIV:0808.1223;%%",
}
@article{Beck:2011ac,
      author         = "Beck, Christian",
      title          = "{Statistical mechanics of the vacuum}",
      journal        = "Mod.Phys.Lett.",
      volume         = "B26",
      pages          = "1250060",
      doi            = "10.1142/S0217984912500601",
      year           = "2012",
      eprint         = "1112.1583",
      archivePrefix  = "arXiv",
      primaryClass   = "cond-mat.stat-mech",
      SLACcitation   = "%%CITATION = ARXIV:1112.1583;%%",
}
@article{Bhattacharya:2011sy,
      author         = "Bhattacharya, Atri and Gandhi, Raj and Mukhopadhyay,
                        Satyanarayan",
      title          = "{Re-analysing the implications of CPT and unitarity for
                        baryogenesis and leptogenesis}",
      journal        = "Phys.Rev.",
      volume         = "D89",
      pages          = "116014",
      doi            = "10.1103/PhysRevD.89.116014",
      year           = "2014",
      eprint         = "1109.1832",
      archivePrefix  = "arXiv",
      primaryClass   = "hep-ph",
      SLACcitation   = "%%CITATION = ARXIV:1109.1832;%%",
}
@inproceedings{Borchers:2000fw,
      crossref       = "Longo:2001tg",
      author         = "Borchers, H.J. and Yngvason, J.",
      title          = "{On the PCT theorem in the theory of local observables}",
      pages          = "39--64",
      year           = "2000",
      eprint         = "math-ph/0012020",
      archivePrefix  = "arXiv",
      primaryClass   = "math-ph",
      SLACcitation   = "%%CITATION = MATH-PH/0012020;%%",
}
@article{Brunetti:2012ar,
      author         = "Brunetti, Romeo and Fredenhagen, Klaus and Ribeiro, Pedro
                        Lauridsen",
      title          = "{Algebraic Structure of Classical Field Theory I:
                        Kinematics and Linearized Dynamics for Real Scalar
                        Fields}",
      year           = "2012",
      eprint         = "1209.2148",
      archivePrefix  = "arXiv",
      primaryClass   = "math-ph",
      SLACcitation   = "%%CITATION = ARXIV:1209.2148;%%",
}
@book{Collins:1984xc,
      author         = "Collins, John C.",
      title          = "{Renormalization: An Introduction to Renormalization, the Renormalization Group and the Operator-Product Expansion}",
      publisher      = "Cambridge University Press",
      pages          = "392",
      year           = "1984",
      SLACcitation   = "%%CITATION = INSPIRE-209810;%%",
}
@article{Collins:2006ib,
      author         = "Collins, John C.",
      title          = "{Renormalization: General theory}",
      year           = "2006",
      eprint         = "hep-th/0602121",
      archivePrefix  = "arXiv",
      primaryClass   = "hep-th",
      SLACcitation   = "%%CITATION = HEP-TH/0602121;%%",
}
@article{Corichi:2002ir,
      author         = "Corichi, Alejandro and Cortez, Jeronimo and Quevedo,
                        Hernando",
      title          = "{On the Schrodinger representation for a scalar field on
                        curved space-time}",
      journal        = "Phys.Rev.",
      volume         = "D66",
      pages          = "085025",
      doi            = "10.1103/PhysRevD.66.085025",
      year           = "2002",
      eprint         = "gr-qc/0207088",
      archivePrefix  = "arXiv",
      primaryClass   = "gr-qc",
      SLACcitation   = "%%CITATION = GR-QC/0207088;%%",
}
@article{Corichi:2002qd,
      author         = "Corichi, Alejandro and Cortez, Jeronimo and Quevedo,
                        Hernando",
      title          = "{On the relation between Fock and Schrodinger
                        representations for a scalar field}",
      journal        = "Annals Phys.",
      volume         = "313",
      pages          = "446--478",
      doi            = "10.1016/j.aop.2004.05.004",
      year           = "2004",
      eprint         = "hep-th/0202070",
      archivePrefix  = "arXiv",
      primaryClass   = "hep-th",
      reportNumber   = "ICN-UNAM-02-01",
      SLACcitation   = "%%CITATION = HEP-TH/0202070;%%",
}
@article{Corichi:2008qb,
      author         = "Corichi, Alejandro",
      title          = "{On the geometry of quantum constrained systems}",
      journal        = "Class.Quant.Grav.",
      volume         = "25",
      pages          = "135013",
      doi            = "10.1088/0264-9381/25/13/135013",
      year           = "2008",
      eprint         = "0801.1119",
      archivePrefix  = "arXiv",
      primaryClass   = "gr-qc",
      reportNumber   = "IGPG-08-1-1",
      SLACcitation   = "%%CITATION = ARXIV:0801.1119;%%",
}
@article{DiDomenico:2009xw,
      author         = "Di Domenico, A.",
      title          = "{CPT and QM tests using kaon interferometry}",
      year           = "2009",
      eprint         = "0904.1976",
      archivePrefix  = "arXiv",
      primaryClass   = "hep-ex",
      SLACcitation   = "%%CITATION = ARXIV:0904.1976;%%",
}
@article{Forger:2003ut,
      author         = "Forger, Michael and Romer, Hartmann",
      title          = "{Currents and the energy momentum tensor in classical
                        field theory: A Fresh look at an old problem}",
      journal        = "Annals Phys.",
      volume         = "309",
      pages          = "306--389",
      doi            = "10.1016/j.aop.2003.08.011",
      year           = "2004",
      eprint         = "hep-th/0307199",
      archivePrefix  = "arXiv",
      primaryClass   = "hep-th",
      reportNumber   = "THEP-03-10, RT-MAP-0301",
      SLACcitation   = "%%CITATION = HEP-TH/0307199;%%",
}
@article{Gambini:2013oja,
      author         = "Gambini, Rodolfo and Olmedo, Javier",
      title          = "{The ${SL}(2,\mathbb {R})$ totally constrained model:
                        three quantization approaches}",
      journal        = "Gen.Rel.Grav.",
      volume         = "46",
      pages          = "1768",
      doi            = "10.1007/s10714-014-1768-1",
      year           = "2014",
      eprint         = "1304.1474",
      archivePrefix  = "arXiv",
      primaryClass   = "gr-qc",
      SLACcitation   = "%%CITATION = ARXIV:1304.1474;%%",
}
@article{Grassi:1999tp,
      author         = "Grassi, Pietro Antonio and Hurth, Tobias and Steinhauser,
                        Matthias",
      title          = "{Practical algebraic renormalization}",
      journal        = "Annals Phys.",
      volume         = "288",
      pages          = "197--248",
      doi            = "10.1006/aphy.2001.6117",
      year           = "2001",
      eprint         = "hep-ph/9907426",
      archivePrefix  = "arXiv",
      primaryClass   = "hep-ph",
      reportNumber   = "BUTP-99-13, MPI-PHT-98-90",
      SLACcitation   = "%%CITATION = HEP-PH/9907426;%%",
}
@article{Grassi:2001zz,
      author         = "Grassi, P.A. and Hurth, T. and Steinhauser, M.",
      title          = "{The Algebraic method}",
      journal        = "Nucl.Phys.",
      volume         = "B610",
      pages          = "215--250",
      doi            = "10.1016/S0550-3213(01)00303-0",
      year           = "2001",
      eprint         = "hep-ph/0102005",
      archivePrefix  = "arXiv",
      primaryClass   = "hep-ph",
      reportNumber   = "NYU-TH-00-09-09, CERN-TH-2001-002, DESY-01-008",
      SLACcitation   = "%%CITATION = HEP-PH/0102005;%%",
}
@article{Greaves:2012iq,
      author         = "Greaves, Hilary and Thomas, Teruji",
      title          = "{On the CPT theorem}",
      journal        = "Stud.Hist.Philos.Mod.Phys.",
      volume         = "45",
      pages          = "46--65",
      doi            = "10.1016/j.shpsb.2013.10.001",
      year           = "2014",
      eprint         = "1204.4674",
      archivePrefix  = "arXiv",
      primaryClass   = "math-ph",
      SLACcitation   = "%%CITATION = ARXIV:1204.4674;%%",
}
@article{Greenberg:2003nv,
      author         = "Greenberg, O.W.",
      title          = "{Why is CPT fundamental?}",
      journal        = "Found.Phys.",
      volume         = "36",
      pages          = "1535--1553",
      doi            = "10.1007/s10701-006-9070-z",
      year           = "2006",
      eprint         = "hep-ph/0309309",
      archivePrefix  = "arXiv",
      primaryClass   = "hep-ph",
      reportNumber   = "UMD-PP-04-004",
      SLACcitation   = "%%CITATION = HEP-PH/0309309;%%",
}
@book{Hatfield:1992rz,
      author         = "Hatfield, Brian",
      title          = "{Quantum field theory of point particles and strings}",
      publisher      = "Addison--Wesley",
      series         = "Frontiers in Physics",
      volume         = "75",
      pages          = "734 pages",
      year           = "1992",
      SLACcitation   = "%%CITATION = INSPIRE-335735;%%",
}
@book{Henneaux:1992ig,
      author         = "Henneaux, M. and Teitelboim, C.",
      title          = "{Quantization of gauge systems}",
      year           = "1992",
      publisher      = "Princeton University Press",
      SLACcitation   = "%%CITATION = INSPIRE-345963;%%",
}
@article{Henneaux:1992fc,
      author         = "Henneaux, Marc and Teitelboim, Claudio and Vergara, J.
                        David",
      title          = "{Gauge invariance for generally covariant systems}",
      journal        = "Nucl.Phys.",
      volume         = "B387",
      pages          = "391--418",
      doi            = "10.1016/0550-3213(92)90166-9",
      year           = "1992",
      eprint         = "hep-th/9205092",
      archivePrefix  = "arXiv",
      primaryClass   = "hep-th",
      reportNumber   = "PAR-LPTHE-92-18, ULB-PMIF-92-3, IASSNS-HEP-92-40",
      SLACcitation   = "%%CITATION = HEP-TH/9205092;%%",
}
@article{Kostelecky:1998ic,
      author         = "Kostelecky, V. Alan",
      title          = "{The Status of CPT}",
      pages          = "588--600",
      year           = "1998",
      eprint         = "hep-ph/9810365",
      archivePrefix  = "arXiv",
      primaryClass   = "hep-ph",
      reportNumber   = "IUHET-397",
      SLACcitation   = "%%CITATION = HEP-PH/9810365;%%",
}
@proceedings{Longo:2001tg,
      author         = "Longo, R.",
      editor         = "Longo, R.",
      booktitle      = "{Mathematical physics in mathematics and physics: Quantum
                        and operator algebraic aspects. Proceedings, Conference,
                        Siena, Italy, June 20-24, 2000}",
      title          = "{Mathematical physics in mathematics and physics: Quantum
                        and operator algebraic aspects. Proceedings, Conference,
                        Siena, Italy, June 20-24, 2000}",
      year           = "2001",
      venue          = "Siena, Italy",
      month          = "June",
      publisher      = "American Mathematical Society",
      SLACcitation   = "%%CITATION = INSPIRE-579598;%%",
}
@article{Mavromatos:2005mi,
      author         = "Mavromatos, Nick E.",
      title          = "{CPT violation: Theory and phenomenology}",
      pages          = "361--372",
      year           = "2005",
      eprint         = "hep-ph/0504143",
      archivePrefix  = "arXiv",
      primaryClass   = "hep-ph",
      SLACcitation   = "%%CITATION = HEP-PH/0504143;%%",
}
@article{Nikolov:2013nba,
      author         = "Nikolov, Nikolay M. and Stora, Raymond and Todorov, Ivan",
      title          = "{Renormalization of Massless Feynman Amplitudes in
                        Configuration Space}",
      journal        = "Rev.Math.Phys.",
      volume         = "26",
      pages          = "1430002",
      doi            = "10.1142/S0129055X14300027",
      year           = "2014",
      eprint         = "1307.6854",
      archivePrefix  = "arXiv",
      primaryClass   = "hep-th",
      SLACcitation   = "%%CITATION = ARXIV:1307.6854;%%",
}
@book{Peskin:1995ev,
      author         = "Peskin, Michael E. and Schroeder, Daniel V.",
      title          = "{An Introduction to quantum field theory}",
      publisher      = "Westview Press",
      year           = "1995",
      isbn           = "9780201503975",
      SLACcitation   = "%%CITATION = ISBN-9780201503975 ETC.;%%",
}
@article{Rocca:2013wha,
      author         = "Rocca, M. and Plastino, A. and Ferri, G.L.",
      title          = "{Statistical Mechanics of Phase-Space Curves}",
      journal        = "Physica",
      volume         = "A393",
      pages          = "244-255",
      doi            = "10.1016/j.physa.2013.09.023",
      year           = "2014",
      eprint         = "1306.2034",
      archivePrefix  = "arXiv",
      primaryClass   = "cond-mat.stat-mech",
      annotation     = "Discusses asymptotic freedom",
      SLACcitation   = "%%CITATION = ARXIV:1306.2034;%%",
}
@article{Selover:2013tua,
      author         = "Selover, Mark and Sudarshan, E.C.G.",
      title          = "{Derivation of the TCP Theorem using Action Principles}",
      year           = "2013",
      eprint         = "1308.5110",
      archivePrefix  = "arXiv",
      primaryClass   = "hep-th",
      SLACcitation   = "%%CITATION = ARXIV:1308.5110;%%",
}
@book{Srednicki:2007qs,
      author         = "Srednicki, Mark",
      title          = "{Quantum field theory}",
      publisher      = "Cambridge University Press",
      year           = "2007",
      SLACcitation   = "%%CITATION = INSPIRE-752478;%%",
}
@article{Tauber:2011np,
      author         = "Tauber, Uwe C.",
      title          = "{Renormalization Group: Applications in Statistical
                        Physics}",
      journal        = "Nucl.Phys.Proc.Suppl.",
      volume         = "228",
      pages          = "7-34",
      doi            = "10.1016/j.nuclphysbps.2012.06.002",
      year           = "2012",
      eprint         = "1112.1375",
      archivePrefix  = "arXiv",
      primaryClass   = "cond-mat.stat-mech",
      SLACcitation   = "%%CITATION = ARXIV:1112.1375;%%",
}