@article{Anco:2001gm,
      author         = "Anco, Stephen C. and Tung, Roh S.",
      title          = "{Symplectic structure of general relativity for spatially
                        bounded space-time regions. Part 2. Properties and
                        examples}",
      journal        = "J.Math.Phys.",
      volume         = "43",
      pages          = "3984-4019",
      doi            = "10.1063/1.1489501",
      year           = "2002",
      eprint         = "gr-qc/0109014",
      archivePrefix  = "arXiv",
      primaryClass   = "gr-qc",
      SLACcitation   = "%%CITATION = GR-QC/0109014;%%",
}
@article{Andringa:2010it,
      author         = "Andringa, Roel and Bergshoeff, Eric and Panda, Sudhakar
                        and de Roo, Mees",
      title          = "{Newtonian Gravity and the Bargmann Algebra}",
      journal        = "Class.Quant.Grav.",
      volume         = "28",
      pages          = "105011",
      doi            = "10.1088/0264-9381/28/10/105011",
      year           = "2011",
      eprint         = "1011.1145",
      archivePrefix  = "arXiv",
      primaryClass   = "hep-th",
      reportNumber   = "UG-10-76",
      SLACcitation   = "%%CITATION = ARXIV:1011.1145;%%",
}
@article{Arnowitt:1962hi,
      author         = "Arnowitt, Richard L. and Deser, Stanley and Misner,
                        Charles W.",
      title          = "{The Dynamics of general relativity}",
      journal        = "Gen.Rel.Grav.",
      volume         = "40",
      pages          = "1997-2027",
      doi            = "10.1007/s10714-008-0661-1",
      year           = "2008",
      eprint         = "gr-qc/0405109",
      archivePrefix  = "arXiv",
      primaryClass   = "gr-qc",
      SLACcitation   = "%%CITATION = GR-QC/0405109;%%",
}
@article{Ashtekar:2014zsa,
      author         = "Ashtekar, Abhay",
      title          = "{Geometry and Physics of Null Infinity}",
      year           = "2014",
      journal        = "Surveys in Differential Geometry",
      volume         = "19",
      eprint         = "1409.1800",
      archivePrefix  = "arXiv",
      primaryClass   = "gr-qc",
      reportNumber   = "IGC-14-9-1",
      SLACcitation   = "%%CITATION = ARXIV:1409.1800;%%",
}
@article{Barbour:2000qg,
      author         = "Barbour, Julian and Foster, Brendan Z. and O'Murchadha,
                        Niall",
      title          = "{Relativity without relativity}",
      journal        = "Class.Quant.Grav.",
      volume         = "19",
      pages          = "3217-3248",
      doi            = "10.1088/0264-9381/19/12/308",
      year           = "2002",
      eprint         = "gr-qc/0012089",
      archivePrefix  = "arXiv",
      primaryClass   = "gr-qc",
      SLACcitation   = "%%CITATION = GR-QC/0012089;%%",
}
@article{Barbour:2010dp,
      author         = "Barbour, Julian",
      title          = "{The Definition of Mach's Principle}",
      journal        = "Found.Phys.",
      volume         = "40",
      pages          = "1263-1284",
      doi            = "10.1007/s10701-010-9490-7",
      year           = "2010",
      eprint         = "1007.3368",
      archivePrefix  = "arXiv",
      primaryClass   = "gr-qc",
      SLACcitation   = "%%CITATION = ARXIV:1007.3368;%%",
}
@article{Bartnik:2004ii,
      author         = "Bartnik, Robert",
      title          = "{Phase space for the Einstein equations}",
      journal        = "Commun. Anal.Geom.",
      volume         = "13",
      number         = "5",
      pages          = "845--885",
      year           = "2004",
      eprint         = "gr-qc/0402070",
      archivePrefix  = "arXiv",
      primaryClass   = "gr-qc",
      SLACcitation   = "%%CITATION = GR-QC/0402070;%%",
}
@article{Baryshev:1999uj,
      author         = "Baryshev, Yurij V.",
      title          = "{Field theory of gravitation: Desire and reality}",
      journal        = "Grav.",
      volume         = "2",
      pages          = "69--81",
      year           = "1996",
      eprint         = "gr-qc/9912003",
      archivePrefix  = "arXiv",
      primaryClass   = "gr-qc",
      SLACcitation   = "%%CITATION = GR-QC/9912003;%%",
}
@article{Brewin:2006qe,
      author         = "Brewin, Leo",
      title          = "{A Simple expression for the ADM mass}",
      journal        = "Gen.Rel.Grav.",
      volume         = "39",
      pages          = "521-528",
      doi            = "10.1007/s10714-007-0403-9",
      year           = "2007",
      eprint         = "gr-qc/0609079",
      archivePrefix  = "arXiv",
      primaryClass   = "gr-qc",
      SLACcitation   = "%%CITATION = GR-QC/0609079;%%",
}
@article{Charap:1988vz,
      author         = "Charap, J.M. and Henneaux, M. and Nelson, J.E.",
      title          = "{Explicit Form of the Constraint Algebra in Tetrad
                        Gravity}",
      journal        = "Class.Quant.Grav.",
      volume         = "5",
      pages          = "1405-1414",
      doi            = "10.1088/0264-9381/5/11/004",
      year           = "1988",
      SLACcitation   = "%%CITATION = CQGRD,5,1405;%%",
}
@article{Chrusciel:2004vz,
      author         = "Chrusciel, Piotr T. and Galloway, Gregory J.",
      title          = "{A Poor man's positive energy theorem}",
      journal        = "Class.Quant.Grav.",
      volume         = "21",
      pages          = "L59--L63",
      doi            = "10.1088/0264-9381/21/9/L01",
      year           = "2004",
      eprint         = "gr-qc/0402106",
      archivePrefix  = "arXiv",
      primaryClass   = "gr-qc",
      SLACcitation   = "%%CITATION = GR-QC/0402106;%%",
}
@article{Chrusciel:2014gja,
      author         = "Chrusciel, Piotr T. and Paetz, Tim-Torben",
      title          = "{The mass of light-cones}",
      journal        = "Class.Quant.Grav.",
      volume         = "31",
      pages          = "102001",
      doi            = "10.1088/0264-9381/31/10/102001",
      year           = "2014",
      eprint         = "1401.3789",
      archivePrefix  = "arXiv",
      primaryClass   = "gr-qc",
      SLACcitation   = "%%CITATION = ARXIV:1401.3789;%%",
}
@article{Curry:2014yoa,
      author         = "Curry, Sean and Gover, A. Rod",
      title          = "{An introduction to conformal geometry and tractor
                        calculus, with a view to applications in general
                        relativity}",
      year           = "2014",
      eprint         = "1412.7559",
      archivePrefix  = "arXiv",
      primaryClass   = "math.DG",
      SLACcitation   = "%%CITATION = ARXIV:1412.7559;%%",
}
@proceedings{Bishop:2002joa,
      editor         = "Bishop, Nigel T. and Maharaj, Sunil D.",
      title          = "{Proceedings, 16th International Conference on General
                        Relativity and Gravitation}",
      venue          = "Durban, South Africa",
      year           = "2002",
      SLACcitation   = "%%CITATION = INSPIRE-1206357;%%",
}

@inproceedings{Cutler:2002me,
      author         = "Cutler, Curt and Thorne, Kip S.",
      title          = "{An Overview of gravitational wave sources}",
      pages          = "72--111",
      doi            = "10.1142/9789812776556_0004",
      year           = "2013",
      crossref       = "Bishop:2002joa",
      eprint         = "gr-qc/0204090",
      archivePrefix  = "arXiv",
      primaryClass   = "gr-qc",
      SLACcitation   = "%%CITATION = GR-QC/0204090;%%",
}
@inbook{Dain:2013vsa,
      author         = "Dain, Sergio",
      title          = "{Positive energy theorems in General Relativity}",
      booktitle      = "{The Springer Handbook of Spacetime}",
      editor         = "Ashtekar, A. and Petkov, V.",
      year           = "2013",
      eprint         = "1302.3405",
      archivePrefix  = "arXiv",
      primaryClass   = "gr-qc",
      SLACcitation   = "%%CITATION = ARXIV:1302.3405;%%",
}
@article{Dreyer:2012vn,
      author         = "Dreyer, Olaf",
      title          = "{Internal Relativity}",
      year           = "2012",
      eprint         = "1203.2641",
      archivePrefix  = "arXiv",
      primaryClass   = "gr-qc",
      SLACcitation   = "%%CITATION = ARXIV:1203.2641;%%",
}
@article{Fewster:2002ne,
      author         = "Fewster, Christopher J. and Roman, Thomas A.",
      title          = "{Null energy conditions in quantum field theory}",
      journal        = "Phys.Rev.",
      volume         = "D67",
      pages          = "044003",
      doi            = "10.1103/PhysRevD.80.069903, 10.1103/PhysRevD.67.044003",
      year           = "2003",
      eprint         = "gr-qc/0209036",
      archivePrefix  = "arXiv",
      primaryClass   = "gr-qc",
      SLACcitation   = "%%CITATION = GR-QC/0209036;%%",
}
@article{Frolov:2008sn,
      author         = "Frolov, A.M. and Kiriushcheva, N. and Kuzmin, S.V.",
      title          = "{On canonical transformations between equivalent
                        Hamiltonian formulations of General Relativity}",
      journal        = "Grav.Cosmol.",
      volume         = "17",
      pages          = "314-323",
      doi            = "10.1134/S0202289311040049",
      year           = "2011",
      eprint         = "0809.1198",
      archivePrefix  = "arXiv",
      primaryClass   = "gr-qc",
      SLACcitation   = "%%CITATION = ARXIV:0809.1198;%%",
}
@article{Gambini:2000ht,
      author         = "Gambini, Rodolfo and Porto, Rafael A.",
      title          = "{Relational time in generally covariant quantum systems:
                        Four models}",
      journal        = "Phys.Rev.",
      volume         = "D63",
      pages          = "105014",
      doi            = "10.1103/PhysRevD.63.105014",
      year           = "2001",
      eprint         = "gr-qc/0101057",
      archivePrefix  = "arXiv",
      primaryClass   = "gr-qc",
      reportNumber   = "IFFC-01-01",
      SLACcitation   = "%%CITATION = GR-QC/0101057;%%",
}
@article{Gryb:2008rz,
      author         = "Gryb, Sean B.",
      title          = "{Jacobi's principle and the disappearance of time}",
      journal        = "Phys.Rev.",
      volume         = "D81",
      pages          = "044035",
      doi            = "10.1103/PhysRevD.81.044035",
      year           = "2010",
      eprint         = "0804.2900",
      archivePrefix  = "arXiv",
      primaryClass   = "gr-qc",
      SLACcitation   = "%%CITATION = ARXIV:0804.2900;%%",
}
@article{Gryb:2009gd,
      author         = "Gryb, Sean B.",
      title          = "{Implementing Mach's Principle Using Gauge Theory}",
      journal        = "Phys.Rev.",
      volume         = "D80",
      pages          = "024018",
      doi            = "10.1103/PhysRevD.80.024018",
      year           = "2009",
      eprint         = "0901.2362",
      archivePrefix  = "arXiv",
      primaryClass   = "gr-qc",
      SLACcitation   = "%%CITATION = ARXIV:0901.2362;%%",
}
@article{Han:2014zla,
      author         = "Han, Qing and Khuri, Marcus",
      title          = "{The Conformal Flow of Metrics and the General Penrose
                        Inequality}",
      year           = "2014",
      eprint         = "1409.0067",
      archivePrefix  = "arXiv",
      primaryClass   = "gr-qc",
      note           = "Conference Proceedings of the Tsinghua Sanya International Mathematics Forum",
      SLACcitation   = "%%CITATION = ARXIV:1409.0067;%%",
}
@article{Harris:2014gpa,
      author         = "Harris, Steven G.",
      title          = "{Static- and Stationary-complete Spacetimes: Algebraic
                        and Causal Structures}",
      year           = "2014",
      eprint         = "1412.7742",
      archivePrefix  = "arXiv",
      primaryClass   = "gr-qc",
      SLACcitation   = "%%CITATION = ARXIV:1412.7742;%%",
% submitted to Classical and Quantum Gravity
}
@inproceedings{Hoehn:2011jw,
      author         = "Hoehn, Philipp A.",
      title          = "{Effective relational dynamics}",
      journal        = "J.Phys.Conf.Ser.",
      volume         = "360",
      crossref       = "MenaMarugan:2012ec",
      doi            = "10.1088/1742-6596/360/1/012014",
      year           = "2012",
      eprint         = "1110.5631",
      archivePrefix  = "arXiv",
      primaryClass   = "gr-qc",
      SLACcitation   = "%%CITATION = ARXIV:1110.5631;%%",
}
@article{Hojman:1976vp,
      author         = "Hojman, S.A. and Kuchar, K. and Teitelboim, C.",
      title          = "{Geometrodynamics Regained}",
      journal        = "Annals Phys.",
      volume         = "96",
      pages          = "88-135",
      doi            = "10.1016/0003-4916(76)90112-3",
      year           = "1976",
      SLACcitation   = "%%CITATION = APNYA,96,88;%%",
}
@article{Jaramillo:2010ay,
      author         = "Jaramillo, J.L. and Gourgoulhon, E.",
      title          = "{Mass and Angular Momentum in General Relativity}",
      journal        = "Fundam.Theor.Phys.",
      volume         = "162",
      pages          = "87--124",
      year           = "2011",
      eprint         = "1001.5429",
      archivePrefix  = "arXiv",
      primaryClass   = "gr-qc",
      SLACcitation   = "%%CITATION = ARXIV:1001.5429;%%",
}
@article{Kurylev:2014bka,
      author         = "Kurylev, Yaroslav and Lassas, Matti and Uhlmann, Gunther",
      title          = "{Inverse problems in spacetime II: Reconstruction of a
                        Lorentzian manifold from light observation sets}",
      year           = "2014",
      eprint         = "1405.3386",
      archivePrefix  = "arXiv",
      primaryClass   = "math.DG",
      SLACcitation   = "%%CITATION = ARXIV:1405.3386;%%",
}
@article{Lusanna:2011rm,
      author         = "Lusanna, Luca",
      title          = "{Canonical Gravity and Relativistic Metrology: from Clock
                        Synchronization to Dark Matter as a Relativistic Inertial
                        Effect}",
      year           = "2011",
      eprint         = "1108.3224",
      archivePrefix  = "arXiv",
      primaryClass   = "gr-qc",
      SLACcitation   = "%%CITATION = ARXIV:1108.3224;%%",
}
@article{McCormick:2013nkb,
      author         = "McCormick, Stephen",
      title          = "{The Phase Space for the Einstein-Yang-Mills Equations
                        and the First Law of Black Hole Thermodynamics}",
      journal        = "Adv.Theor.Math.Phys.",
      volume         = "18",
      pages          = "799",
      doi            = "10.4310/ATMP.2014.v18.n4.a2",
      year           = "2014",
      eprint         = "1302.1237",
      archivePrefix  = "arXiv",
      primaryClass   = "gr-qc",
      note           = "Generalizes technique from Bartnik (2004) to the
                        Einstein-Yang-Mills system",
      SLACcitation   = "%%CITATION = ARXIV:1302.1237;%%",
}
@proceedings{MenaMarugan:2012ec,
      editor         = "Mena Marugan, Guillermo A. and Barbero, J. Fernando G.
                        and Garay, Luis J. and Villasenor, Eduardo J.S. and
                        Olmedo, Javier",
      booktitle      = "{Non-perturbative / background independent quantum
                        gravity. Proceedings, International Conference, Loops'11,
                        Madrid, Spain, May 23-28, 2011}",
      title          = "{Non-perturbative / background independent quantum
                        gravity. Proceedings, International Conference, Loops'11,
                        Madrid, Spain, May 23-28, 2011}",
      year           = "2012",
      publisher      = "Journal of Physics: Conference Series",
      venue          = "Madrid, Spain",
      month          = "May",
      SLACcitation   = "%%CITATION = INSPIRE-1197793;%%",
}
@article{Mercati:2014ama,
      author         = "Mercati, Flavio",
      title          = "{A Shape Dynamics Tutorial}",
      year           = "2014",
      eprint         = "1409.0105",
      archivePrefix  = "arXiv",
      primaryClass   = "gr-qc",
      SLACcitation   = "%%CITATION = ARXIV:1409.0105;%%",
}
@article{Nerz:2013zya,
      author         = "Nerz, Christopher",
      title          = "{Time evolution of ADM and CMC center of mass in general
                        relativity}",
      year           = "2013",
      eprint         = "1312.6274",
      archivePrefix  = "arXiv",
      primaryClass   = "math.AP",
      SLACcitation   = "%%CITATION = ARXIV:1312.6274;%%",
}
@article{Nester:1993fn,
      author         = "Nester, James M. and Tung, Roh-Suan and Zhang, Yuan
                        Zhong",
      title          = "{Ashtekar's new variables and positive energy}",
      journal        = "Class.Quant.Grav.",
      volume         = "11",
      pages          = "757-766",
      doi            = "10.1088/0264-9381/11/3/024",
      year           = "1994",
      eprint         = "gr-qc/9401004",
      archivePrefix  = "arXiv",
      primaryClass   = "gr-qc",
      reportNumber   = "NCU-GR-93-02",
      SLACcitation   = "%%CITATION = GR-QC/9401004;%%",
}
@article{Padmanabhan:2004xk,
      author         = "Padmanabhan, T.",
      title          = "{From gravitons to gravity: Myths and reality}",
      journal        = "Int.J.Mod.Phys.",
      volume         = "D17",
      pages          = "367-398",
      doi            = "10.1142/S0218271808012085",
      year           = "2008",
      eprint         = "gr-qc/0409089",
      archivePrefix  = "arXiv",
      primaryClass   = "gr-qc",
      SLACcitation   = "%%CITATION = GR-QC/0409089;%%",
}
@article{Regge:1974zd,
      author         = "Regge, Tullio and Teitelboim, Claudio",
      title          = "{Role of Surface Integrals in the Hamiltonian Formulation
                        of General Relativity}",
      journal        = "Annals Phys.",
      volume         = "88",
      pages          = "286",
      doi            = "10.1016/0003-4916(74)90404-7",
      year           = "1974",
      reportNumber   = "Print-74-0988 (IAS,PRINCETON)",
      SLACcitation   = "%%CITATION = APNYA,88,286;%%",
}
@article{Rovelli:2012nv,
      author         = "Rovelli, Carlo",
      title          = "{General relativistic statistical mechanics}",
      journal        = "Phys.Rev.",
      number         = "8",
      volume         = "D87",
      pages          = "084055",
      doi            = "10.1103/PhysRevD.87.084055",
      year           = "2013",
      eprint         = "1209.0065",
      archivePrefix  = "arXiv",
      primaryClass   = "gr-qc",
      SLACcitation   = "%%CITATION = ARXIV:1209.0065;%%",
}
@article{Tambornino:2011vg,
      author         = "Tambornino, Johannes",
      title          = "{Relational Observables in Gravity: a Review}",
      journal        = "SIGMA",
      volume         = "8",
      pages          = "017",
      doi            = "10.3842/SIGMA.2012.017",
      year           = "2012",
      eprint         = "1109.0740",
      archivePrefix  = "arXiv",
      primaryClass   = "gr-qc",
      SLACcitation   = "%%CITATION = ARXIV:1109.0740;%%",
}
@article{Teitelboim:1972vw,
      author         = "Teitelboim, Claudio",
      title          = "{How commutators of constraints reflect the space-time
                        structure}",
      journal        = "Annals Phys.",
      volume         = "79",
      pages          = "542-557",
      doi            = "10.1016/0003-4916(73)90096-1",
      year           = "1973",
      SLACcitation   = "%%CITATION = APNYA,79,542;%%",
}
@inbook{Teitelboim:1980fb,
      author         = "Teitelboim, Claudio",
      title          = "{The Hamiltonian Structure of Space-Time}",
      year           = "1980",
      pages          = "192--225",
      crossref       = "Held:1980gb",
      SLACcitation   = "%%CITATION = INSPIRE-166673;%%",
}
@book{Held:1980gb,
      editor         = "Held, A.",
      title          = "{General Relativity and Gravitation. 100-Years
                         after the birth of Albert Einstein. Vol. 1}",
      year           = "1980",
      publisher      = "Plenum",
      pages          = "598",
      SLACcitation   = "%%CITATION = INSPIRE-160516;%%",
}