@book{artin1991,
  author={Michael Artin},
  title={Algebra},
  edition={First},
  year={1991},
  publisher={Pearson}
}