@article{Frank:2012wh,
      author         = "Frank, Jessica and Rauch, Michael and Zeppenfeld, Dieter",
      title          = "{Spin-2 Resonances in Vector-Boson-Fusion Processes at
                        NLO QCD}",
      journal        = "Phys.Rev.",
      volume         = "D87",
      pages          = "055020",
      doi            = "10.1103/PhysRevD.87.055020",
      year           = "2013",
      eprint         = "1211.3658",
      archivePrefix  = "arXiv",
      primaryClass   = "hep-ph",
      reportNumber   = "KA-TP-40-2012, SFB-CPP-12-86",
      SLACcitation   = "%%CITATION = ARXIV:1211.3658;%%",
}
