@article{Arnold:2014jva,
      author         = "Arnold, Peter and Romatschke, Paul and van der Schee,
                        Wilke",
      title          = "{Absence of a local rest frame in far from equilibrium
                        quantum matter}",
      journal        = "JHEP",
      volume         = "1410",
      pages          = "110",
      doi            = "10.1007/JHEP10(2014)110",
      year           = "2014",
      eprint         = "1408.2518",
      archivePrefix  = "arXiv",
      primaryClass   = "hep-th",
      SLACcitation   = "%%CITATION = ARXIV:1408.2518;%%",
}
@article{Braun:2010tt,
      author         = "Braun, Jens and Gies, Holger and Scherer, Daniel D.",
      title          = "{Asymptotic safety: a simple example}",
      journal        = "Phys.Rev.",
      volume         = "D83",
      pages          = "085012",
      doi            = "10.1103/PhysRevD.83.085012",
      year           = "2011",
      eprint         = "1011.1456",
      archivePrefix  = "arXiv",
      primaryClass   = "hep-th",
      SLACcitation   = "%%CITATION = ARXIV:1011.1456;%%",
}
@phdthesis{Brum:2014mja,
      author         = "Brum, Marcos",
      title          = "{Explicit construction of Hadamard states for Quantum
                        Field Theory in curved spacetimes}",
      year           = "2014",
      school         = "Universidade Federal do Rio de Janeiro",
      eprint         = "1407.3612",
      archivePrefix  = "arXiv",
      primaryClass   = "gr-qc",
      SLACcitation   = "%%CITATION = ARXIV:1407.3612;%%",
}
@article{Delamotte:2007pf,
      author         = "Delamotte, Bertrand",
      title          = "{An Introduction to the nonperturbative renormalization
                        group}",
      journal        = "Lect.Notes Phys.",
      volume         = "852",
      pages          = "49--132",
      doi            = "10.1007/978-3-642-27320-9_2",
      year           = "2012",
      eprint         = "cond-mat/0702365",
      archivePrefix  = "arXiv",
      primaryClass   = "COND-MAT",
      SLACcitation   = "%%CITATION = COND-MAT/0702365;%%",
}
@article{Dandekar:2014era,
      author         = "Dandekar, Yogesh and Mandlik, Mangesh and Minwalla,
                        Shiraz",
      title          = "{Poles in the $S$-Matrix of Relativistic Chern-Simons
                        Matter theories from Quantum Mechanics}",
      year           = "2014",
      eprint         = "1407.1322",
      archivePrefix  = "arXiv",
      primaryClass   = "hep-th",
      SLACcitation   = "%%CITATION = ARXIV:1407.1322;%%",
}
@article{Dona:2014pla,
      author         = "Don\`a, P. and Eichhorn, Astrid and Percacci, Roberto",
      title          = "{Consistency of matter models with asymptotically safe
                        quantum gravity}",
      year           = "2014",
      % to appear in special issue of  Canadian Journal of Physics
      eprint         = "1410.4411",
      archivePrefix  = "arXiv",
      primaryClass   = "gr-qc",
      SLACcitation   = "%%CITATION = ARXIV:1410.4411;%%",
}
@article{Gies:2006wv,
      author         = "Gies, Holger",
      title          = "{Introduction to the functional RG and applications to
                        gauge theories}",
      journal        = "Lect.Notes Phys.",
      volume         = "852",
      pages          = "287--348",
      doi            = "10.1007/978-3-642-27320-9_6",
      year           = "2012",
      eprint         = "hep-ph/0611146",
      archivePrefix  = "arXiv",
      primaryClass   = "hep-ph",
      SLACcitation   = "%%CITATION = HEP-PH/0611146;%%",
}
@phdthesis{Hack:2010iw,
      author         = "Hack, Thomas-Paul",
      title          = "{On the Backreaction of Scalar and Spinor Quantum Fields
                        in Curved Spacetimes}",
      year           = "2010",
      eprint         = "1008.1776",
      school         = "{Universit\"at Hamburg}",
      archivePrefix  = "arXiv",
      primaryClass   = "gr-qc",
      reportNumber   = "DESY-THESIS-2010-042",
      SLACcitation   = "%%CITATION = ARXIV:1008.1776;%%",
}
@article{Ji:2014qda,
      author         = "Ji, Qingchun and Zhu, Ke",
      title          = "{Solvability of the Dirac equation}",
      year           = "2014",
      eprint         = "1407.6936",
      archivePrefix  = "arXiv",
      primaryClass   = "math.DG",
      SLACcitation   = "%%CITATION = ARXIV:1407.6936;%%",
}
@article{Kanatchikov:2000yh,
      author         = "Kanatchikov, Igor V.",
      title          = "{Precanonical quantization and the Schrodinger wave
                        functional}",
      journal        = "Phys.Lett.",
      volume         = "A283",
      pages          = "25--36",
      doi            = "10.1016/S0375-9601(01)00225-0",
      year           = "2001",
      eprint         = "hep-th/0012084",
      archivePrefix  = "arXiv",
      primaryClass   = "hep-th",
      reportNumber   = "FSU-TPI-08-00",
      SLACcitation   = "%%CITATION = HEP-TH/0012084;%%",
}
@article{Kaparulin:2014vpa,
      author         = "Kaparulin, D.S. and Lyakhovich, S.L. and Sharapov, A.A.",
      title          = "{Classical and quantum stability of higher-derivative
                        dynamics}",
      journal        = "Eur.Phys.J.",
      number         = "10",
      volume         = "C74",
      pages          = "3072",
      doi            = "10.1140/epjc/s10052-014-3072-3",
      year           = "2014",
      eprint         = "1407.8481",
      archivePrefix  = "arXiv",
      primaryClass   = "hep-th",
      SLACcitation   = "%%CITATION = ARXIV:1407.8481;%%",
}
@article{Kovacs:2014fwa,
      author         = "Kovacs, J. and Nagy, S. and Sailer, K.",
      title          = "{Asymptotic safety in the sine-Gordon model}",
      year           = "2014",
      eprint         = "1408.2680",
      archivePrefix  = "arXiv",
      primaryClass   = "hep-th",
      SLACcitation   = "%%CITATION = ARXIV:1408.2680;%%",
}
@phdthesis{Krug:2014oma,
      author         = "Krug, Sebastian",
      title          = "{The Yang-Mills Vacuum Wave Functional in $2+1$
                        Dimensions}",
      year           = "2014",
      school         = "Universitat Autonoma de Barcelona",
      eprint         = "1404.7005",
      archivePrefix  = "arXiv",
      primaryClass   = "hep-th",
      SLACcitation   = "%%CITATION = ARXIV:1404.7005;%%",
}
@article{Litim:2014uca,
      author         = "Litim, Daniel F. and Sannino, Francesco",
      title          = "{Asymptotic safety guaranteed}",
      year           = "2014",
      eprint         = "1406.2337",
      archivePrefix  = "arXiv",
      primaryClass   = "hep-th",
      reportNumber   = "CP3-ORIGINS-2014-24, DNRF90, DIAS-2014-24",
      SLACcitation   = "%%CITATION = ARXIV:1406.2337;%%",
}
@article{Long:1996wf,
      author         = "Long, D.V. and Shore, G.M.",
      title          = "{The Schrodinger wave functional and vacuum states in
                        curved space-time}",
      journal        = "Nucl.Phys.",
      volume         = "B530",
      pages          = "247--278",
      doi            = "10.1016/S0550-3213(98)00408-8",
      year           = "1998",
      eprint         = "hep-th/9605004",
      archivePrefix  = "arXiv",
      primaryClass   = "hep-th",
      reportNumber   = "SWAT-96-56",
      SLACcitation   = "%%CITATION = HEP-TH/9605004;%%",
}
@article{Nakamura:2011fx,
      author         = "Nakamura, M.",
      title          = "{Star-product Quantization in Second-class Constraint
                        Systems}",
      year           = "2011",
      eprint         = "1108.4108",
      archivePrefix  = "arXiv",
      primaryClass   = "math-ph",
      SLACcitation   = "%%CITATION = ARXIV:1108.4108;%%",
}
@book{Pike:2002hg,
      editor         = "Pike, R. and Sabatier, P.",
      title          = "{Scattering: Scattering and inverse scattering in pure
                        and applied science. Vol. 1, 2}",
      year           = "2002",
      SLACcitation   = "%%CITATION = INSPIRE-581327;%%",
}
@article{Polonyi:2001se,
      author         = "Polonyi, Janos",
      title          = "{Lectures on the functional renormalization group
                        method}",
      journal        = "Central Eur.J.Phys.",
      volume         = "1",
      pages          = "1--71",
      doi            = "10.2478/BF02475552",
      year           = "2003",
      eprint         = "hep-th/0110026",
      archivePrefix  = "arXiv",
      primaryClass   = "hep-th",
      SLACcitation   = "%%CITATION = HEP-TH/0110026;%%",
}
@article{Reinhardt:2004mm,
      author         = "Reinhardt, H. and Feuchter, C.",
      title          = "{On the Yang-Mills wave functional in Coulomb gauge}",
      journal        = "Phys.Rev.",
      volume         = "D71",
      pages          = "105002",
      doi            = "10.1103/PhysRevD.71.105002",
      year           = "2005",
      eprint         = "hep-th/0408237",
      archivePrefix  = "arXiv",
      primaryClass   = "hep-th",
      SLACcitation   = "%%CITATION = HEP-TH/0408237;%%",
}
@article{Tiktopoulos:1997ca,
      author         = "Tiktopoulos, George",
      title          = "{Variational wave functionals in quantum field theory}",
      journal        = "Phys.Rev.",
      volume         = "D57",
      pages          = "6429--6440",
      doi            = "10.1103/PhysRevD.57.6429",
      year           = "1998",
      eprint         = "hep-th/9705230",
      archivePrefix  = "arXiv",
      primaryClass   = "hep-th",
      reportNumber   = "NTUA-64-97",
      SLACcitation   = "%%CITATION = HEP-TH/9705230;%%",
}
@article{Wellegehausen:2014noa,
      author         = "Wellegehausen, Bj\"orn H. and K\"orner, Daniel and Wipf,
                        Andreas",
      title          = "{Asymptotic safety on the lattice: The Nonlinear $O(N)$
                        Sigma Model}",
      journal        = "Annals Phys.",
      volume         = "349",
      pages          = "374",
      doi            = "10.1016/j.aop.2014.06.024",
      year           = "2014",
      eprint         = "1402.1851",
      archivePrefix  = "arXiv",
      primaryClass   = "hep-lat",
      SLACcitation   = "%%CITATION = ARXIV:1402.1851;%%",
}
@inbook{White:2000zs,
      author         = "White, Alan R.",
      title          = "{The Past and future of $S$-matrix theory}",
      year           = "2000",
      eprint         = "hep-ph/0002303",
      archivePrefix  = "arXiv",
      primaryClass   = "hep-ph",
      reportNumber   = "ANL-HEP-PR-00-011",
      crossref       = "Pike:2002hg",
      pages          = "1483--1504",
      SLACcitation   = "%%CITATION = HEP-PH/0002303;%%",
}