@article{Banados:1992gq,
      author         = "Banados, Maximo and Henneaux, Marc and Teitelboim,
                        Claudio and Zanelli, Jorge",
      title          = "{Geometry of the $(2+1)$ black hole}",
      journal        = "Phys.Rev.",
      volume         = "D48",
      pages          = "1506-1525",
      doi            = "10.1103/PhysRevD.48.1506",
      year           = "1993",
      eprint         = "gr-qc/9302012",
      archivePrefix  = "arXiv",
      primaryClass   = "gr-qc",
      reportNumber   = "IASSNS-HEP-92-81",
      SLACcitation   = "%%CITATION = GR-QC/9302012;%%",
}
@article{Buffenoir:2004vx,
      author         = "Buffenoir, E. and Henneaux, M. and Noui, K. and Roche,
                        Ph.",
      title          = "{Hamiltonian analysis of Plebanski theory}",
      journal        = "Class.Quant.Grav.",
      volume         = "21",
      pages          = "5203-5220",
      doi            = "10.1088/0264-9381/21/22/012",
      year           = "2004",
      eprint         = "gr-qc/0404041",
      archivePrefix  = "arXiv",
      primaryClass   = "gr-qc",
      SLACcitation   = "%%CITATION = GR-QC/0404041;%%",
}
@article{Carlip:1994gc,
      author         = "Carlip, Steven and Teitelboim, Claudio",
      title          = "{Aspects of black hole quantum mechanics and
                        thermodynamics in $(2+1)$-dimensions}",
      journal        = "Phys.Rev.",
      volume         = "D51",
      pages          = "622-631",
      doi            = "10.1103/PhysRevD.51.622",
      year           = "1995",
      eprint         = "gr-qc/9405070",
      archivePrefix  = "arXiv",
      primaryClass   = "gr-qc",
      reportNumber   = "IASSNS-HEP-94-34, UCD-94-13",
      SLACcitation   = "%%CITATION = GR-QC/9405070;%%",
}
@article{Carroll:1994bp,
      author         = "Carroll, Sean M. and Freedman, Daniel Z. and Ortiz,
                        Miguel E. and Page, Don N.",
      title          = "{Physical states in canonically quantized supergravity}",
      journal        = "Nucl.Phys.",
      volume         = "B423",
      pages          = "661-687",
      doi            = "10.1016/0550-3213(94)90148-1",
      year           = "1994",
      eprint         = "hep-th/9401155",
      archivePrefix  = "arXiv",
      primaryClass   = "hep-th",
      reportNumber   = "MIT-CTP-2279",
      SLACcitation   = "%%CITATION = HEP-TH/9401155;%%",
}
@article{Carroll:1994tm,
      author         = "Carroll, Sean M. and Freedman, Daniel Z. and Ortiz,
                        Miguel E. and Page, Don N.",
      title          = "{Bosonic physical states in $N=1$ supergravity?}",
      year           = "1994",
      eprint         = "gr-qc/9410005",
      archivePrefix  = "arXiv",
      primaryClass   = "gr-qc",
      SLACcitation   = "%%CITATION = GR-QC/9410005;%%",
}
@article{Christian:1997wj,
      author         = "Christian, Joy",
      title          = "{An Exactly soluble sector of quantum gravity}",
      journal        = "Phys.Rev.",
      volume         = "D56",
      pages          = "4844--4877",
      doi            = "10.1103/PhysRevD.56.4844",
      year           = "1997",
      eprint         = "gr-qc/9701013",
      archivePrefix  = "arXiv",
      primaryClass   = "gr-qc",
      SLACcitation   = "%%CITATION = GR-QC/9701013;%%",
}
@article{Demmel:2014hla,
      author         = "Demmel, Maximilian and Saueressig, Frank and Zanusso,
                        Omar",
      title          = "{RG flows of Quantum Einstein Gravity in the
                        linear-geometric approximation}",
      year           = "2014",
      eprint         = "1412.7207",
      archivePrefix  = "arXiv",
      primaryClass   = "hep-th",
      SLACcitation   = "%%CITATION = ARXIV:1412.7207;%%",
}
@article{Engle:2009ba,
      author         = "Engle, Jonathan and Han, Muxin and Thiemann, Thomas",
      title          = "{Canonical path integral measures for Holst and Plebanski
                        gravity. I. Reduced Phase Space Derivation}",
      journal        = "Class.Quant.Grav.",
      volume         = "27",
      pages          = "245014",
      doi            = "10.1088/0264-9381/27/24/245014",
      year           = "2010",
      eprint         = "0911.3433",
      archivePrefix  = "arXiv",
      primaryClass   = "gr-qc",
      SLACcitation   = "%%CITATION = ARXIV:0911.3433;%%",
}
@article{Gambini:1998ip,
      author         = "Gambini, Rodolfo and Obregon, Octavio and Pullin, Jorge",
      title          = "{Yang-Mills analogs of the Immirzi ambiguity}",
      journal        = "Phys.Rev.",
      volume         = "D59",
      pages          = "047505",
      doi            = "10.1103/PhysRevD.59.047505",
      year           = "1999",
      eprint         = "gr-qc/9801055",
      archivePrefix  = "arXiv",
      primaryClass   = "gr-qc",
      reportNumber   = "CGPG-98-1-2",
      SLACcitation   = "%%CITATION = GR-QC/9801055;%%",
}
@article{Gambini:2001ia,
      author         = "Gambini, Rodolfo and Pullin, Jorge",
      title          = "{Lorentz violations in canonical quantum gravity}",
      year           = "2001",
      eprint         = "gr-qc/0110054",
      archivePrefix  = "arXiv",
      primaryClass   = "gr-qc",
      reportNumber   = "LSU-REL-101001",
      SLACcitation   = "%%CITATION = GR-QC/0110054;%%",
}
@article{Gambini:2009vp,
      author         = "Gambini, Rodolfo and Pullin, Jorge and Rastgoo, Saeed",
      title          = "{New variables for $1+1$ dimensional gravity}",
      journal        = "Class.Quant.Grav.",
      volume         = "27",
      pages          = "025002",
      doi            = "10.1088/0264-9381/27/2/025002",
      year           = "2010",
      eprint         = "0909.0459",
      archivePrefix  = "arXiv",
      primaryClass   = "gr-qc",
      reportNumber   = "LSU-REL-090209",
      SLACcitation   = "%%CITATION = ARXIV:0909.0459;%%",
}
@article{Giddings:2005uj,
      author         = "Giddings, Steven B.",
      title          = "{Gravity and strings}",
      journal        = "eConf",
      volume         = "C040802",
      pages          = "L014",
      year           = "2004",
      eprint         = "hep-ph/0501080",
      archivePrefix  = "arXiv",
      primaryClass   = "hep-ph",
      reportNumber   = "SSI-2004-L014",
      SLACcitation   = "%%CITATION = HEP-PH/0501080;%%",
}
@article{Giddings:2009gj,
      author         = "Giddings, Steven B. and Porto, Rafael A.",
      title          = "{The Gravitational S-matrix}",
      journal        = "Phys.Rev.",
      volume         = "D81",
      pages          = "025002",
      doi            = "10.1103/PhysRevD.81.025002",
      year           = "2010",
      eprint         = "0908.0004",
      archivePrefix  = "arXiv",
      primaryClass   = "hep-th",
      reportNumber   = "CERN-PH-TH-2009-142",
      SLACcitation   = "%%CITATION = ARXIV:0908.0004;%%",
}
@article{Han:2009bb,
      author         = "Han, Muxin",
      title          = "{Canonical Path-Integral Measures for Holst and Plebanski
                        Gravity. II. Gauge Invariance and Physical Inner Product}",
      journal        = "Class.Quant.Grav.",
      volume         = "27",
      pages          = "245015",
      doi            = "10.1088/0264-9381/27/24/245015",
      year           = "2010",
      eprint         = "0911.3436",
      archivePrefix  = "arXiv",
      primaryClass   = "gr-qc",
      SLACcitation   = "%%CITATION = ARXIV:0911.3436;%%",
}
@article{Kartavtsev:2014oea,
      author         = "Kartavtsev, Alexander",
      title          = "{Wave functionals of free real and complex scalar fields
                        on a $1+1$ dimensional lattice}",
      year           = "2014",
      eprint         = "1404.5629",
      archivePrefix  = "arXiv",
      primaryClass   = "hep-ph",
      reportNumber   = "MPP-2014-131",
      SLACcitation   = "%%CITATION = ARXIV:1404.5629;%%",
}
@article{Marolf:1998ci,
      author         = "Marolf, Donald",
      title          = "{String/M-branes for relativists}",
      year           = "1998",
      eprint         = "gr-qc/9908045",
      archivePrefix  = "arXiv",
      primaryClass   = "gr-qc",
      reportNumber   = "SU-GP-99-8-3",
      SLACcitation   = "%%CITATION = GR-QC/9908045;%%",
}
@book{VargasMoniz:2010zz,
      author         = "Vargas Moniz, Paulo",
      title          = "{Quantum cosmology: The Supersymmetric Perspective}",
      series         = "Lect.Notes Phys.",
      publisher      = "Springer",
      volume         = "803",
      pages          = "1--351",
      doi            = "10.1007/978-3-642-11575-2",
      year           = "2010",
      SLACcitation   = "%%CITATION = LNPHA,803,1;%%",
}
@book{Moniz:2010fea,
      author         = "Vargas Moniz, Paulo",
      title          = "{Quantum Cosmology: The Supersymmetric Perspective}",
      series         = "Lect.Notes Phys.",
      publisher      = "Springer",
      volume         = "804",
      pages          = "1--283",
      doi            = "10.1007/978-3-642-11570-7",
      year           = "2010",
      SLACcitation   = "%%CITATION = LNPHA,804,1;%%",
}
@article{Nomura:2014voa,
      author         = "Nomura, Yasunori and Sanches, Fabio and Weinberg, Sean
                        J.",
      title          = "{Relativeness in Quantum Gravity: Limitations and Frame
                        Dependence of Semiclassical Descriptions}",
      year           = "2014",
      eprint         = "1412.7538",
      archivePrefix  = "arXiv",
      primaryClass   = "hep-th",
      reportNumber   = "UCB-PTH-14-41",
      SLACcitation   = "%%CITATION = ARXIV:1412.7538;%%",
}
@article{Ward:2014sla,
      author         = "Ward, B.F.L.",
      title          = "{Running of the Cosmological Constant and Estimate of its
                        Value in Quantum General Relativity}",
      year           = "2014",
      eprint         = "1412.7417",
      archivePrefix  = "arXiv",
      primaryClass   = "hep-ph",
      reportNumber   = "BU-HEPP-14-08",
      SLACcitation   = "%%CITATION = ARXIV:1412.7417;%%",
}