@article{gotay1983,
  author={Gotay, Mark J.},
  title="On the validity of Dirac's conjecture regarding first-class secondary constraints",
  journal="J. Phys. A",
  volume="16",
  pages="L141--L145",
  year="1983"
}
@book{dirac1964,
  author={Dirac, P.A.M},
  title={Lectures on Quantum Mechanics},
  year={1964},
  publisher={Dover}
}
@article{allcock1975,
  author={Allcock, G.R.},
  title={The Intrinsic Properties of Rank and Nullity of the Lagrange Bracket in the One Dimensional Calculus of Variations},
  year={1975},
  journal={Phil. Trans. Royal Soc. London A},
  volume={279},
  issue={1290},
  pages={487--545},
  doi={10.1098/rsta.1975.0085}
}
@article{Pons:2004pp,
      author         = "Pons, Josep M.",
      title          = "{On Dirac's incomplete analysis of gauge
                        transformations}",
      journal        = "Stud.Hist.Philos.Mod.Phys.",
      volume         = "36",
      pages          = "491--518",
      doi            = "10.1016/j.shpsb.2005.04.004",
      year           = "2005",
      eprint         = "physics/0409076",
      archivePrefix  = "arXiv",
      primaryClass   = "physics",
      SLACcitation   = "%%CITATION = PHYSICS/0409076;%%",
}
@article{PhysRevLett.42.413,
  title = {Determination of the Hamiltonian in the Presence of Constraints},
  author = {Cawley, Robert},
  journal = {Phys. Rev. Lett.},
  volume = {42},
  issue = {7},
  pages = {413--416},
  numpages = {4},
  year = {1979},
  month = {Feb},
  publisher = {American Physical Society},
  doi = {10.1103/PhysRevLett.42.413},
  url = {http://link.aps.org/doi/10.1103/PhysRevLett.42.413}
}
@article{Frenkel:1980nt,
      author         = "Frenkel, A.",
      title          = "{COMMENT ON CAWLEY'S COUNTEREXAMPLE TO A CONJECTURE OF
                        DIRAC}",
      journal        = "Phys.Rev.",
      volume         = "D21",
      pages          = "2986-2987",
      doi            = "10.1103/PhysRevD.21.2986",
      year           = "1980",
      SLACcitation   = "%%CITATION = PHRVA,D21,2986;%%",
}
@article{Cabo:1990jk,
      author         = {Cabo, Alejandro and Louis-Martinez, Domingo},
      title          = "{On Dirac's conjecture for Hamiltonian systems with first
                        and second class constraints}",
      journal        = "Phys.Rev.",
      volume         = "D42",
      issue          = "8",
      pages          = "2726--2735",
      doi            = "10.1103/PhysRevD.42.2726",
      year           = "1990",
      month          = "October",
      SLACcitation   = "%%CITATION = PHRVA,D42,2726;%%",
}

@article{Costa:1985tt,
      author         = "Costa, M.E.V. and Girotti, H.O. and Simoes, T.J.M.",
      title          = "{Dynamics of Gauge Systems and Dirac's Conjecture}",
      journal        = "Phys.Rev.",
      volume         = "D32",
      issue          = "2",
      pages          = "405--410",
      doi            = "10.1103/PhysRevD.32.405",
      year           = "1985",
      reportNumber   = "Print-85-0353 (RIO GRANDE DO SUL)",
      SLACcitation   = "%%CITATION = PHRVA,D32,405;%%",
}
@article{Lusanna:1991je,
      author         = "Lusanna, L.",
      title          = "{The second Noether theorem as the basis of the theory of
                        singular Lagrangians and Hamiltonian constraints}",
      journal        = "Riv.Nuovo Cim.",
      volume         = "14N3",
      pages          = "1--75",
      doi            = "10.1007/BF02810161",
      year           = "1991",
      SLACcitation   = "%%CITATION = RNCIB,14N3,1;%%",
}
@article{Lusanna:1991im,
      author         = "Lusanna, L.",
      title          = "{The Shanmugadhasan canonical transformation, function
                        groups and the extended second Noether theorem}",
      journal        = "Int.J.Mod.Phys.",
      volume         = "A8",
      pages          = "4193--4234",
      doi            = "10.1142/S0217751X93001727",
      year           = "1993",
      reportNumber   = "DFF-136-6-91",
      SLACcitation   = "%%CITATION = IMPAE,A8,4193;%%",
}
@article{Miskovic:2003ex,
      author         = "Miskovic, Olivera and Zanelli, Jorge",
      title          = "{Dynamical structure of irregular constrained systems}",
      journal        = "J.Math.Phys.",
      volume         = "44",
      pages          = "3876-3887",
      doi            = "10.1063/1.1601299",
      year           = "2003",
      eprint         = "hep-th/0302033",
      archivePrefix  = "arXiv",
      primaryClass   = "hep-th",
      SLACcitation   = "%%CITATION = HEP-TH/0302033;%%",
}
@article{Rothe:2004jc,
      author         = "Rothe, Heinz J. and Rothe, Klaus D.",
      title          = "{Gauge identities and the Dirac conjecture}",
      journal        = "Annals Phys.",
      volume         = "313",
      pages          = "479-496",
      doi            = "10.1016/j.aop.2004.05.001",
      year           = "2004",
      eprint         = "hep-th/0406044",
      archivePrefix  = "arXiv",
      primaryClass   = "hep-th",
      reportNumber   = "HD-THEP-04-16",
      SLACcitation   = "%%CITATION = HEP-TH/0406044;%%",
}
@article{Sugano:1982sy,
      author         = "Sugano, Reiji and Kimura, Toshiei",
      title          = "{Pathological Dynamical System With Constraints}",
      journal        = "Prog.Theor.Phys.",
      volume         = "69",
      pages          = "1241",
      doi            = "10.1143/PTP.69.1241",
      year           = "1983",
      reportNumber   = "RRK-82-14",
      SLACcitation   = "%%CITATION = PTPKA,69,1241;%%",
}
@article{Wu:1994jd,
      author         = "Wu, Bi-Chu",
      title          = "{Dirac's conjecture}",
      journal        = "Int.J.Theor.Phys.",
      volume         = "33",
      pages          = "1529-1533",
      doi            = "10.1007/BF00670695",
      year           = "1994",
      SLACcitation   = "%%CITATION = IJTPB,33,1529;%%",
}